<record><leader>00000cas a2200000 a 4500</leader><controlfield tag="001">11793751</controlfield><controlfield tag="008">850312d18821882ksuwr ne      0   a0eng d</controlfield><datafield ind1=" " ind2=" " tag="010"><subfield code="a">sn 85029951 </subfield></datafield><datafield ind1=" " ind2=" " tag="040"><subfield code="a">KSH</subfield><subfield code="b">eng</subfield><subfield code="c">KSH</subfield><subfield code="d">NPT</subfield><subfield code="d">OCL</subfield><subfield code="d">OCLCQ</subfield></datafield><datafield ind1=" " ind2=" " tag="042"><subfield code="a">msc</subfield></datafield><datafield ind1="0" ind2="4" tag="245"><subfield code="a">The Jewell County chronicle.</subfield></datafield><datafield ind1=" " ind2=" " tag="260"><subfield code="a">Salem, Kan. :</subfield><subfield code="b">J. Walker Moore &amp; Geo. W. Reed,</subfield><subfield code="c">1882-</subfield></datafield><datafield ind1=" " ind2=" " tag="300"><subfield code="a">v. ;</subfield><subfield code="c">51 cm.</subfield></datafield><datafield ind1=" " ind2=" " tag="310"><subfield code="a">Weekly</subfield></datafield><datafield ind1="0" ind2=" " tag="362"><subfield code="a">Vol. 3, no. 6 (Apr. 1, 1882)-</subfield></datafield><datafield ind1="1" ind2=" " tag="362"><subfield code="a">Ceased with Apr. 13, 1882 issue?</subfield></datafield><datafield ind1=" " ind2=" " tag="752"><subfield code="a">United States</subfield><subfield code="b">Kansas</subfield><subfield code="c">Jewell</subfield><subfield code="d">Salem.</subfield></datafield><datafield ind1="0" ind2="0" tag="780"><subfield code="t">Anti-monopolist (Rubens, Kan.)</subfield><subfield code="w">(DLC)sn 85029132</subfield></datafield><datafield ind1="0" ind2="0" tag="785"><subfield code="t">Salem chronicle</subfield><subfield code="w">(DLC)sn 85029903</subfield></datafield></record>